% This file was created with JabRef 2.8.1.
% Encoding: UTF8

@online{AppleRejection,
  author = {Apple},
  title = {Common App Rejections},
  year = 2018,
  url = {https://developer.apple.com/app-store/review/rejections/},
  urldate = {2018-06-22}
}

@online{clef-newsreel,
  author = {newsreel},
  title = {News recommendation evaluation lab},
  year = 2017,
  url = {http://www.clef-newsreel.org/tasks/},
  urldate = {2018-06-22}
}

@online{Analyzing,
  author = {Fabian AbelQi GaoGeert-Jan HoubenKe Tao},
  title = {Analyzing User Modeling on Twitter for Personalized News Recommendations},
  year = 2011,
  url = {https://link.springer.com/chapter/10.1007/978-3-642-22362-4_},
  urldate = {2018-06-22}
}

@online{User,
  author = {Zhe Zhao, Zhiyuan Cheng, Lichan Hong, Ed H. Chi},
  title = {Improving User Topic Interest Profiles by Behavior
Factorization},
  year = 2015,
  url = {https://static.googleusercontent.com/media/research.google.com/fr//pubs/archive/43807.pdf},
  urldate = {2018-06-22}
}
@online{oneGlobal,
  author = {Nicolas Cour},
  title = {Ã©tude ACPM ONE Global},
  year = 2016,
  url = {http://www.acpm.fr/Actualites/Toutes-les-actualites/Communiques-de-presse/Resultats-ONE-GLOBAL-2016-V4},
  urldate = {2018-06-22}
}